01,021000021,F0011383 DT,210513,1349,3704,,,3/                                  
02,F0011383 DT,322271627,1,210505,1349,,2/                                      
03,000000712538625,USD,010,0,,,015,0,,,035,0,,,040,0,,,045,0,,,050,0,,,055,0,,/ 
88,072,0,,,073,0,,,074,0,,,100,286607198,1,,270,286607198,1,,400,286607198,82,/ 
88,450,50000,1,,490,123915278,33,,510,162641920,48,/                            
16,275,286607198,S,286607198,0,0,0029520710XF,000000515928098/                  
88,REMARK=CASH CONCENTRATION TRANSFER CREDIT FROM ACCOUNT 000000515928098 TRN:  
88,0029520710XF                                                                 
16,455,50000,0,1256663150TC,46480375500071/                                     
88,ORIG CO NAME=CT DOR PAYMENT,ORIG ID=T021010071,DESC DATE=210505,ENTRY DESCR= 
88,BUS DIRPAY,ENTRY CLASS=CCD,TRACE NO=051000016663150,ENTRY DATE=210505,IND ID 
88, NO=46480375500071,IND NAME=FLEXPORT INC,ORIG BANK=Bank of America           
16,495,39471189,0,3853500125JO,NONREF/                                          
88,YOUR REF=NONREF,PAID TO=00000000011859584 BANK SINOPAC COMPANY LIMITED INTER 
88,NATIONAL BANKING DEPATMENT 36 NAN KING E ROAD SEC 3 TAIPEI TAIWAN TW,ACCT PA 
88,RTY=/11100800026668 MASTER CARGO INTERNATIONAL CO LTD NO.778, SEC. 4, BADE R 
88,D. NANGANG DISTRICT TW,REMARK=CREDIT REF ATS OF 21/05/05,REC GFP=05051722    
16,495,19508000,0,3853800125JO,NONREF/                                          
88,YOUR REF=NONREF,PAID TO=00000001576478414 EVERGREEN SHIPPING AGENCY (AMERICA 
88,)CORPORATION 1 EVERTRUST PLZ 6 FL JERSEY CITY NJ 07302- US,REMARK=CREDIT REF 
88, ATS OF 21/05/05,REC GFP=05051722                                            
16,495,12492257,0,3857700125JO,NONREF/                                          
88,YOUR REF=NONREF,PAID TO=PAC MERC BK NEWBCH PACIFIC MERCANTILE BANK COSTA MES 
88,A CA US,FED ID=122242869,ACCT PARTY=/42954608 ROADEX AMERICA INC. 2132 E. DO 
88,MINGUEZ ST. BLDG B US,REMARK=CREDIT REF ATS OF 21/05/05,REC GFP=05051722,MRN 
88, SEQ=00125JO38577,FED REF=0505 B1QGC03C 008292 **VIA FED**                   
16,495,6751128,0,3857800125JO,NONREF/                                           
88,YOUR REF=NONREF,PAID TO=00000000722619616 COSCO SHIPPING LINES (NORTH AMERIC 
88,A) INC AS AGT FOR COSCO 100 LIGHTING WAY 4TH FLOOR SECAUCAS NJ 07094- US,REM 
88,ARK=/BNF/111000614 JPMORGAN CHASE BANK,NA US CREDIT REF ATS OF 21/05/05,REC  
88,GFP=05051722                                                                                
49,6000,10/                                                                     
98,6000,1,12/                                                                   
99,19125500718,6,3394/                                                          
